@manual{norse2016,
	Author = {Norse Corp.},
	Title = {Norse – Superior Attack Intelligence},
	Year = {2016},
	url = {map.norsecorp.com/}
}

@article{debar2000introduction,
  title={An introduction to intrusion-detection systems},
  author={Debar, Herve},
  journal={Proceedings of Connect},
  volume={2000},
  year={2000}
}

@book{rehman2003intrusion,
  title={Intrusion detection systems with Snort: advanced IDS techniques using Snort, Apache, MySQL, PHP, and ACID},
  author={Rehman, Rafeeq Ur},
  year={2003},
  publisher={Prentice Hall Professional}
}

@book{norvig2014inteligencia,
  title={Intelig{\^e}ncia Artificial, 2{\textordfeminine} Edi{\c{c}}{\~a}o},
  author={NORVIG, PETER and RUSSELL, STUART},
  volume={1},
  year={2004},
  publisher={Elsevier Brasil}
}

@article{anderson1992artificial,
  title={Artificial neural networks technology},
  author={Anderson, Dave and McNeill, George},
  journal={Kaman Sciences Corporation},
  volume={258},
  number={6},
  year={1992}
}

@article{rocha2006,
	Author = {Daniel Lyra Rocha},
	Title = {Utilizacao de um ambiente de honeynet no treinamento de redes neurais artificiais para deteccao de intrusao},
	Year = {2006},
	Address = {Universidade de Brasilia},
}

@article{cardon1994,
	Author = {CARDON, Andre and MÜLLER, Daniel N.},
	Title = {Introdução às Redes Neurais Artificiais},
	Year = {1994},
	Address = {Universidade Federal do Rio Grande do Sul},
}

@inproceedings{soviero1997,
	Author = {P. A. O. Soviero and L. G. M. Lavagna},
	Title = {A Numerical Model for Thin Airfoils in Unsteady Motion},
	Year = {1997},
	Pages = {332-340},
	Volume = {19},
	Number = {3},
	Booktitle = {Journal of the Brazilian Societyt Mechanical Sciences},
}

@inproceedings{sparrow1980,
	Author = {E. M. Sparrow},
	Title = {Forced Convection Heat Transfer in a Duct Having Spanwise-Periodic
	Rectangular Protuberances},
	Year = {1980},
	Pages = {149-167},
	Volume = {3},
	Booktitle = {Numerical Heat Transfer},
}


@article{arruda2007,
	Author = {M. B. B. Arruda},
	Title = {Como fazer referências: bibliográficas, eletrônicas e demais
	formas de documentos},
	Year = {2007},
	Url = {http://bu.ufsc.br/framerefer.html}
}

@article{coimbra1978,
	Author = {A. L. Coimbra},
	Title = {Lessons of Continuum Mechanics},
	Year = {1978},
	Address = {São Paulo, Brazil},
	Pages = {428},
	Editor = {Edgard Blücher},
}

@inproceedings{bordalo1989,
	Author = {S. N. Bordalo and J. H. Ferziger and S. J. Kline},
	Title = {The Development of Zonal Models for Turbulence},
	Year = {1989},
	Pages = {41-44},
	Booktitle = {Proceedings of the 10th Brazilian Congress of Mechanical
	Engineering},
	Volume = {1},
}

@manual{NBR14724:2011,
	Address = {Rio de Janeiro},
	Date-Added = {2012-12-15 20:34:08 +0000},
	Date-Modified = {2012-12-15 20:35:25 +0000},
	Month = mar,
	Org-Short = {ABNT},
	Organization = {Associa{\c c}\~ao Brasileira de Normas T\'ecnicas},
	Pages = 15,
	Subtitle = {Informa{\c c}\~ao e documenta{\c c}\~ao --- trabalhos acad\^emicos --- apresenta{\c c}\~ao},
	Title = {{NBR} 14724},
	Year = 2011
}

@manual{NBR6034:2000,
	Address = {Rio de Janeiro},
	Org-Short = {ABNT},
	Organization = {Associa{\c c}\~ao Brasileira de Normas T\'ecnicas},
	Subtitle = {Informa{\c c}\~ao e documenta{\c c}\~ao --- Referências},
	Title = {{NBR} 14724},
	Year = 2000
}

