@manual{norse2016,
	Author = {Norse Corp.},
	Title = {Norse – Superior Attack Intelligence},
	Year = {2016},
	url = {map.norsecorp.com/}
}

@article{debar2000introduction,
  title={An introduction to intrusion-detection systems},
  author={Debar, Herve},
  journal={Proceedings of Connect},
  volume={2000},
  year={2000}
}

@book{rehman2003intrusion,
  title={Intrusion detection systems with Snort: advanced IDS techniques using Snort, Apache, MySQL, PHP, and ACID},
  author={Rehman, Rafeeq Ur},
  year={2003},
  publisher={Prentice Hall Professional}
}

@book{norvig2014inteligencia,
  title={Inteligencia Artificial, 2 Edicao},
  author={NORVIG, PETER and RUSSELL, STUART},
  volume={1},
  year={2004},
  publisher={Elsevier Brasil}
}

@article{anderson1992artificial,
  title={Artificial neural networks technology},
  author={Anderson, Dave and McNeill, George},
  journal={Kaman Sciences Corporation},
  volume={258},
  number={6},
  year={1992}
}

@article{rocha2006,
	Author = {ROCHA, Daniel Lyra Rocha},
	Title = {Utilizacao de um ambiente de honeynet no treinamento de redes neurais artificiais para deteccao de intrusao},
	Year = {2006},
	Address = {Universidade de Brasilia},
}

@article{netto2006,
	Author = {NETTO, Roberto Silva},
	Title = {Detecção de intrusão utilizando redes neurais artificiais no reconhecimento de padrões de ataque},
	Year = {2006},
	Address = {Universidade de Itajuba},
}

@article{cardon1994,
	Author = {CARDON, Andre and MÜLLER, Daniel N.},
	Title = {Introdução às Redes Neurais Artificiais},
	Year = {1994},
	Address = {Universidade Federal do Rio Grande do Sul},
}

@misc{alpaydin2010,
  title={Introduction to Machine Learning, 2nd edn. Adaptive Computation and Machine Learning},
  author={Alpaydin, E},
  year={2010},
  publisher={The MIT Press (February 2010)}
}

@book{brink2015,
  title={Real-world machine learning},
  author={Brink, Henrik and Richards, Joseph W and Fetherolf, Mark},
  year={2015}
}

@book{shalev2014,
  title={Understanding machine learning: From theory to algorithms},
  author={Shalev-Shwartz, Shai and Ben-David, Shai},
  year={2014},
  publisher={Cambridge University Press}
}

@article{chao2011,
  title={Machine Learning Tutorial},
  year={2011},
  author={Chao, Wei-Lun},
  address={National Taiwan University}
}

@article{kaelbling1996,
  title={Reinforcement learning: A survey},
  author={Kaelbling, Leslie Pack and Littman, Michael L and Moore, Andrew W},
  journal={Journal of artificial intelligence research},
  volume={4},
  pages={237--285},
  year={1996}
}

@article{Dumbill2012,
  title={What is big data? an introduction to the big data landscape.},
  year={2012},
  author={DUMBILL, E.},
  publisher={O'Reilly Media, Inc.}
}

@article{Franco2015,
  title={Servico de Selecao de Caracteriistcas para problemas de Aprendizado de Maquina},
  year={2015},
  author={Arantes, Vinícius Franco da Cunha}
}

@article{Sutha2015,
  title={A Review of Feature Selection Algorithms for Data Mining Techniques},
  year={2015},
  author={Sutha, K.}
}

@article{Yu2005,
  title={Toward integrating feature selection algorithms for classification and clustering.},
  year={2005},
  author={YU, H. L. e L.}
}

